@inbook{software-engineering,
	author = {Fei Hu},
	title = {Security and Privacy in Internet of Things (IoTs). Models, Algorithms, and Implementations},
	bookTitle = {Security and Privacy in Internet of Things (IoTs). Models, Algorithms, and Implementations},
	year = 2016,
	chapter = 1,
	pages = 3,
	publisher = {CRC Press},
	isbn = {9780367574925},
}

@misc{,
	author       = {}, 
	title        = {},
	howpublished = {\url{}}
}

@misc{,
	author       = {}, 
	title        = {},
	howpublished = {\url{}}
}
